@inproceedings{perera:dep,
  title = {Functional Programs that Explain Their Work},
  year = {2012},
  booktitle = {Proc.\ ICFP},
  author = {Roly Perera and Umut A. Acar and James Cheney and Paul Blain Levy}
}