@inproceedings{dwork2015preserving,
  title={Preserving statistical validity in adaptive data analysis},
  author={Dwork, Cynthia and Feldman, Vitaly and Hardt, Moritz and Pitassi, Toniann and Reingold, Omer and Roth, Aaron Leon},
  booktitle={Proceedings of the forty-seventh annual ACM symposium on Theory of computing},
  pages={117--126},
  year={2015}
}